<collection xmlns="http://www.loc.gov/MARC21/slim">
<record>
  <leader>01308nam0a22002771i 450 </leader>
  <controlfield tag="001">IT\ICCU\CNCE\031108</controlfield>
  <controlfield tag="005">20080222000000.0</controlfield>
  <datafield tag="012" ind1=" " ind2=" ">
    <subfield code="a">m-c- n.s, t.us Moch (3) 1586 (R)</subfield>
    <subfield code="2">fei</subfield>
  </datafield>
  <datafield tag="100" ind1=" " ind2=" ">
    <subfield code="a">19971202d1586        0itac0103    ba</subfield>
  </datafield>
  <datafield tag="101" ind1=" " ind2=" ">
    <subfield code="a">LAT</subfield>
  </datafield>
  <datafield tag="102" ind1=" " ind2=" ">
    <subfield code="a">IT</subfield>
  </datafield>
  <datafield tag="200" ind1="1" ind2=" ">
    <subfield code="a">Liber baptismalis, in quo habentur ritus, et caeremoniae seruandae in baptismo et caeteris sacramentis administrandis  ̉parochis ciuitatis ac dioecesis. Papiae, iussu ... Hippolyti de Rubeis cardinalis Papiensis, &amp; comitis, nuper aeditus</subfield>
  </datafield>
  <datafield tag="210" ind1=" " ind2=" ">
    <subfield code="a">Ticini</subfield>
    <subfield code="c">apud Hieronymum Bartolum</subfield>
    <subfield code="d">1586</subfield>
  </datafield>
  <datafield tag="215" ind1=" " ind2=" ">
    <subfield code="a">4, 149, \3! p.</subfield>
    <subfield code="d">4ʻ</subfield>
  </datafield>
  <datafield tag="620" ind1=" " ind2=" ">
    <subfield code="a">IT</subfield>
    <subfield code="d">Pavia</subfield>
  </datafield>
  <datafield tag="710" ind1="0" ind2="2">
    <subfield code="a">Pavia</subfield>
    <subfield code="c"> &lt;Diocesi&gt;</subfield>
    <subfield code="3">7977</subfield>
  </datafield>
  <datafield tag="702" ind1=" " ind2="1">
    <subfield code="a">Rossi,</subfield>
    <subfield code="b">Ippolito</subfield>
    <subfield code="3">IT\ICCU\CNCA\021459</subfield>
  </datafield>
  <datafield tag="712" ind1="0" ind2="0">
    <subfield code="a">Bartoli, Girolamo</subfield>
    <subfield code="3">IT\ICCU\CNCT\000017</subfield>
    <subfield code="4">650</subfield>
  </datafield>
  <datafield tag="790" ind1=" " ind2="1">
    <subfield code="a">De_Rossi,</subfield>
    <subfield code="b">Ippolito</subfield>
    <subfield code="3">IT\ICCU\CNCA\021819</subfield>
    <subfield code="z">Rossi, Ippolito</subfield>
  </datafield>
  <datafield tag="790" ind1=" " ind2="1">
    <subfield code="a">De_Rubeis,</subfield>
    <subfield code="b">Hippolytus</subfield>
    <subfield code="3">IT\ICCU\CNCA\021820</subfield>
    <subfield code="z">Rossi, Ippolito</subfield>
  </datafield>
  <datafield tag="791" ind1="0" ind2="0">
    <subfield code="a">Bartolus, Hieronymus</subfield>
    <subfield code="3">IT\ICCU\CNCT\004302</subfield>
    <subfield code="z">Bartoli, Girolamo</subfield>
  </datafield>
  <datafield tag="791" ind1="0" ind2="0">
    <subfield code="a">Bartoli, Gieronimo</subfield>
    <subfield code="3">IT\ICCU\CNCT\004303</subfield>
    <subfield code="z">Bartoli, Girolamo</subfield>
  </datafield>
  <datafield tag="801" ind1=" " ind2="3">
    <subfield code="a">IT</subfield>
    <subfield code="b">ICCU</subfield>
    <subfield code="c">20201114</subfield>
  </datafield>
  <datafield tag="899" ind1=" " ind2=" ">
    <subfield code="a">Biblioteca del Seminario vescovile. Mondov</subfield>
    <subfield code="1">CN0066</subfield>
    <subfield code="2">TO0 56</subfield>
  </datafield>
  <datafield tag="899" ind1=" " ind2=" ">
    <subfield code="a">Biblioteca Estense Universitaria. Modena</subfield>
    <subfield code="1">MO0089</subfield>
    <subfield code="2">MOD BE</subfield>
  </datafield>
  <datafield tag="899" ind1=" " ind2=" ">
    <subfield code="a">Biblioteca universitaria. Pavia</subfield>
    <subfield code="1">PV0291</subfield>
    <subfield code="2">MIL UP</subfield>
  </datafield>
</record>
</collection>
